@BOOK{Dem10,
	AUTHOR = {Demtr√∂der, W.},
	YEAR = {2010},
	TITLE = {Experimentalphysik 4 - Kern-, Teilchen- Und Astrophysik},
	EDITION = {3. Auflage},
	ISBN = {978-3-642-01598-4},
	PUBLISHER = {Springer DE},
	ADDRESS = {Berlin}
}

@MISC{Animation,
  howpublished = {\url{https://www.leifiphysik.de/elektrizitaetslehre/ladungen-elektrisches-feld/grundwissen/coulomb-gesetz}},
  Author = {LEIFIphysik},
  note = {Accessed: Oktober 2021}
}

@MISC{Blog,
howpublished = {\url{https://www.physikerboard.de/ptopic,342494.html#342494}},
note = {Accessed: Oktober 2021}
}